@Article{Leeuw+Hornik+Mair:2009,
  author        = {Jan de Leeuw and Kurt Hornik and Patrick Mair},
  title         = {Isotone Optimization in \proglang{R}:
  		   Pool-Adjacent-Violators Algorithm (PAVA)
		   and Active Set Methods},
  journal       = {Journal of Statistical Software},
  year          = {2009},
  volume        = {32},
  number        = {5},
  pages		= {1--24},
  url           = {http://www.jstatsoft.org/v32/i05/}
}

@Manual{R:09,
       title        = {\proglang{R}: A Language and Environment for Statistical
                       Computing},
       author       = {{\proglang{R} Development Core Team}},
       organization = {\proglang{R} Foundation for Statistical Computing},
       address      = {Vienna, Austria},
       year         = 2009,
       note         = {{ISBN} 3-900051-07-0},
       url          = {http://www.R-project.org}}

@article{Bartholomew:1959b,
	Author = {D. J. Bartholomew},
	Date-Added = {2008-09-07 14:59:20 -0700},
	Date-Modified = {2008-09-07 15:00:19 -0700},
	Journal = {Biometrika},
	Pages = {328--335},
	Title = {A Test of Homogeneity for Ordered Alternatives II},
	Volume = {46},
	Year = {1959}}

@article{Bartholomew:1959a,
	Author = {D. J. Bartholomew},
	Date-Added = {2008-09-07 14:58:02 -0700},
	Date-Modified = {2008-09-07 14:59:54 -0700},
	Journal = {Biometrika},
	Pages = {36--48},
	Title = {A Test of Homogeneity for Ordered Alternatives},
	Volume = {46},
	Year = {1959}}

@article{Miles:1959,
	Author = {R. E. Miles},
	Date-Added = {2008-09-07 14:54:47 -0700},
	Date-Modified = {2008-09-07 14:56:24 -0700},
	Journal = {Biometrika},
	Pages = {317--327},
	Title = {The Complete Almagamation into Blocks, by Weighted Means, of a Finite Set of Real Numbers},
	Volume = {46},
	Year = {1959}}

@phdthesis{vanEeden:1958,
	Author = {C. {van Eeden}},
	School = {University of Amsterdam},
	Title = {Testing and Estimating Ordered Parameters of Probability Distributions},
	Year = {1958}}

@article{Brunk:1955,
	Author = {H. B. Brunk},
	Journal = {The Annals of Mathematical Statistics},
	Pages = {607-616},
	Title = {Maximum Likelihood Estimates of Monotone Parameters},
	Volume = {26},
	Year = {1955}}

@article{Dykstra:1981,
	Author = {R. L. Dykstra},
	Journal = {Journal of Statistical Planning and Inference},
	Pages = {355-363},
	Title = {An Isotonic Regression Algorithm},
	Volume = {5},
	Year = {1981}}

@article{Dykstra:1982,
	Author = {R. L. Dykstra and T. Robertson},
	Journal = {The Annals of Statistics},
	Pages = {708-719},
	Title = {An Algorithm for Isotonic Regression for Two or More Independent Variables},
	Volume = {10},
	Year = {1982}}

@article{Barlow+Brunk:1972,
	Author = {R. E. Barlow and H. D. Brunk},
	Journal = {Journal of the American Statistical Association},
	Pages = {140-147},
	Title = {The Isotonic Regression Problem and Its Dual},
	Volume = {67},
	Year = {1972}}

@article{Ayer+Brunk+Ewing+Reid+Silverman:1955,
	Author = {M. Ayer and H. D. Brunk and G. M. Ewing and W. T. Reid and E. Silverman},
	Journal = {The Annals of Mathematical Statistics},
	Pages = {641-647},
	Title = {An Empirical Distribution Function for Sampling with Incomplete Information},
	Volume = {26},
	Year = {1955}}

@incollection{deLeeuw:2005,
	Address = {New York},
	Author = {J. {de Leeuw}},
	Booktitle = {Encyclopedia of Statistics in Behavioral Science (Vol. 3)},
	Editor = {B. S. Everitt and D. C. Howell},
	Pages = {1260-1261},
	Publisher = {John Wiley \& Sons},
	Title = {Monotonic Regression},
	Year = {2005}}

@book{Robertson+Wright+Dykstra:1988,
	Address = {New York},
	Author = {T. Robertson and F. T. Wright and R. L. Dykstra},
	Publisher = {John Wiley \& Sons},
	Title = {Order Restricted Statistical Inference},
	Year = {1988}}

@book{Mashall+Olkin:1979,
	Address = {New York},
	Author = {T. Robertson and F. T. Wright and R. L. Dykstra},
	Publisher = {Academic Press},
	Title = {Inequalities: Theory of Majorization and Its Applications},
	Year = {1979}}

@book{Barlow+Batholomew+Brenner+Brunk:1972,
	Address = {New York},
	Author = {R. E. Barlow and D. J. Bartholomew and J. M. Bremner and H. D. Brunk},
	Publisher = {John Wiley \& Sons},
	Title = {Statistical Inference Under Order Restrictions},
	Year = {1972}}

@article{Ahuja+Orlin:2001,
	Author = {R. K. Ahuja and J. B. Orlin},
	Journal = {Operations Research},
	Pages = {784-789},
	Title = {A Fast Scaling Algorithm for Minimizing Separable Convex Functions Subject to Chain Constraints},
	Volume = {49},
	Year = {2001}}

@article{Best+Chakravarti:1990,
	Author = {M. J. Best and N. Chakravarti},
	Journal = {Mathematical Programming},
	Pages = {425-439},
	Title = {Active Set Algorithms for Isotonic Regression: A Unifying Framework},
	Volume = {47},
	Year = {1990}}

@article{Best+Chakravarti+Ubhaya:2000,
	Author = {M. J. Best and N. Chakravarti and V. A. Ubhaya},
	Journal = {SIAM Journal on Optimization},
	Pages = {658-672},
	Title = {Minimizing Separable Convex Functions Subject to Simple Chain Constraints},
	Volume = {10},
	Year = {2000}}

@article{Hansohm:2007,
	Author = {J. Hansohm},
	Journal = {Journal of Multivariate Analysis},
	Pages = {1043-1050},
	Title = {Algorithms and Error Estimations for Monotone Regression on Partially Preordered Sets},
	Volume = {98},
	Year = {2007}}

@article{Jongbloed:1998,
	Author = {G. Jongbloed},
	Journal = {Journal of Computational and Graphical Statistics},
	Pages = {310-321},
	Title = {The Iterative Convex Minorant Algorithm for Nonparametric Estimation},
	Volume = {7},
	Year = {1998}}

@manual{Strimmer:2008,
	Author = {K. Strimmer},
	Note = {\proglang{R}~package version~1.2.5},
	Title = {\pkg{fdrtool}: Estimation and Control of (Local) False Discovery Rates},
	Url = {http://CRAN.R-project.org/package=fdrtool},
	Year = {2008}}

@manual{Pilz+Titoff:2005,
	Author = {K. Pilz and S. Titoff},
	Note = {\proglang{R}~package version~0.1},
	Title = {\pkg{monreg}: Nonparametric Monotone Regression},
	Url = {http://CRAN.R-project.org/package=monreg},
	Year = {2005}}

@manual{Turner:2008,
	Author = {R. Turner},
	Note = {\proglang{R}~package version~0.0-4},
	Title = {\pkg{Iso}: Functions to Perform Isotonic Regression},
	Url = {http://CRAN.R-project.org/package=Iso},
	Year = {2008}}

@manual{Oron:2008,
	Author = {A. P. Oron},
	Note = {\proglang{R}~package version~1.0},
	Title = {\pkg{cir}: Nonparametric Estimation of Monotone Functions via Isotonic Regression and Centered Isotonic Regression},
	Url = {http://CRAN.R-project.org/package=cir},
	Year = {2008}}

@article{Stroemberg:1991,
	Author = {U. Str\"omberg},
	Journal = {Computational Statistics \& Data Analysis},
	Pages = {205-219},
	Title = {An Algorithm for Isotonic Regression with Arbitrary Convex Distance Function},
	Volume = {11},
	Year = {1991}}

@article{Bacchetti:1989,
	Author = {P. Bacchetti},
	Journal = {Journal of the American Statistical Association},
	Pages = {289-294},
	Title = {Additive Isotonic Model},
	Volume = {84},
	Year = {1989}}

@article{Hornik:2005,
	Author = {K. Hornik},
	Journal = {Journal of Statistical Software},
	Number = {12},
	Title = {A \uppercase{CLUE} for \uppercase{CLU}ster \uppercase{E}nsembles},
	Volume = {14},
	Year = {2005},
	Pages = {1--25},
	Url = {http://www.jstatsoft.org/v14/i12/}}

@incollection{Burdakov+Grimvall+Hussian:2004,
	Address = {New York},
	Author = {O. Burdakov and A. Grimvall and M. Hussian},
	Booktitle = {COMPSTAT, Proceedings of the 16th Symposium in Computational Statistics},
	Editor = {J. Antoch},
	Pages = {761-767},
	Publisher = {Springer-Verlag},
	Title = {A Generalised \uppercase{PAV} Algorithm for Monotonic Regression in Several Variables},
	Year = {2004}}

@article{deLeeuw:1977,
	Author = {J. {de Leeuw}},
	Journal = {Psychometrika},
	Pages = {141-144},
	Title = {Correctness of Kruskal's Algorithms for Monotone Regression with Ties},
	Volume = {42},
	Year = {1977}}

@article{Kruskal:1964,
	Author = {J. B. Kruskal},
	Journal = {Psychometrika},
	Pages = {115-129},
	Title = {Nonmetric Multidimensional Scaling: A Numerical Method},
	Volume = {29},
	Year = {1964}}

@article{Pothoff+Roy:1964,
	Author = {R. F. Pothoff and S. N. Roy},
	Journal = {Biometrika},
	Pages = {313-326},
	Title = {A Generalized Multivariate Analysis of Variance Model Useful Especially for Growth Curve Problems},
	Volume = {51},
	Year = {1964}}

@article{Koenker+DOrey:1987,
	Author = {R. Koenker and V. {D'Orey}},
	Journal = {Applied Statistics},
	Pages = {383-393},
	Title = {Algorithm \uppercase{AS} 229: Computing Regression Quantiles},
	Volume = {36},
	Year = {1987}}

@article{Leitner+Mair:2008,
	Author = {C. Leitner and P. Mair and B. Paul and F. Wick and C. Mittermaier and T. Sycha and G. Ebenbichler},
	Journal = {Journal of Electromyography and Kinesiology},
	Pages = {380-390},
	Volume = {19},
	Title = {Reliability of Posturographic Measurements in the Assessment of Impaired Sensorimotor Function in Chronic Low Back Pain},
	Year = {2009}}

@article{Koenker+Bassett:1978,
	Author = {R. Koenker and G. {Bassett, Jr.}},
	Journal = {Econometrica},
	Pages = {33-50},
	Title = {Regression Quantiles},
	Volume = {1},
	Year = {1978}}
	
@book{Boyd+Vandenberghe:2004,
	Address = {Cambridge, MA},
	Author = {S. Boyd and L. Vandenberghe},
	Publisher = {Cambridge University Press},
	Title = {Convex Optimization},
	Year = {2004}}


@book{Zangwill:1969,
	Address = {Engelwood Cliffs, NJ},
	Author = {W. I. Zangwill},
	Publisher = {Prentice-Hall},
	Title = {Nonlinear Programming: A Unified Approach},
	Year = {1969}
}

@book{Rockafellar:1970,
	Address = {Princeton, NJ},
	Author = {R. T. Rockafellar},
	Publisher = {Princeton University Press},
	Title = {Convex Analysis},
	Year = {1970}
}	

@book{Koenker:2005,
	Address = {Cambridge, MA},
	Author = {R. Koenker},
	Publisher = {Cambridge University Press},
	Title = {Quantile Regression},
	Year = {2005}
}
	
@book{Fletcher:1987,
	Address = {Chichester},
	Author = {R. Fletcher},
	Publisher = {John Wiley \& Sons},
	Title = {Practical Optimization},
	Year = {1987}
}

@book{Nocedal+Wright:1999,
	Address = {New York},
	Author = {J. Nocedal and S. J. Wright},
	Publisher = {Springer-Verlag},
	Title = {Numerical Optimization},
	Year = {1999}
}

@article{Warshall:1962,
	Author = {S. Warshall},
	Journal = {Journal of the Association of Computer Machinery},
	Pages = {11-12},
	Title = {A Theorem for Boolean Matrices},
	Volume = {9},
	Year = {1962}
}

@article{Panier:1987,
	Author = {E. R. Panier},
	Journal = {Mathematical Programming},
	Pages = {269-292},
	Title = {An Active Set Method for Solving Linearly Constrained Nonsmooth Optimization Problems},
	Volume = {37},
	Year = {1987}
}

@article{Danskin:1966,
	Author = {J. M. Danskin},
	Journal = {SIAM Journal on Applied Mathematics},
	Pages = {641-664},
	Title = {The Theory of Max-Min with Applications},
	Volume = {14},
	Year = {1966}
}

@book{Huber:1981,
	Address = {New York},
	Author = {P. Huber},
	Publisher = {John Wiley \& Sons},
	Title = {Robust Statistics},
	Year = {1981}
}

	
	
@article{Chu+Keerthi+Ong:2004,
	Author = {W. Chu and S. S. Keerthi and C. J. Ong},
	Journal = {IEEE Transactions on Neural Networks},
	Pages = {29-44},
	Title = {Bayesian Support Vector Regression Using a Unified Loss Function},
	Volume = {15},
	Year = {2004}
}

@article{Efron:1991,
	Author = {B. Efron},
	Journal = {Statistica Sinica},
	Pages = {93-125},
	Title = {Regression Percentiles Using Asymmetric Squared Error Loss},
	Volume = {1},
	Year = {1991}
}


@Manual{Pilz+Titoff:2009,
    title = {\pkg{monreg}: Nonparametric Monotone Regression},
    author = {K. Pilz and S. Titoff},
    year = {2009},
    note = {\proglang{R}~package version 0.1.1},
    url = {http://CRAN.R-project.org/package=monreg}
}


@Manual{Turner:2009,
    title = {\pkg{Iso}: Functions to Perform Isotonic Regression.},
    author = {R. Turner},
    year = {2009},
    note = {\proglang{R}~package version 0.0-7},
    url = {http://CRAN.R-project.org/package=Iso}
  }

@Manual{Rufibach+Duembgen:2009,
    title = {\pkg{logcondens}: Estimate a Log-Concave Probability Density from iid Observations},
    author = {K. Rufibach and L. Duembgen},
    year = {2009},
    note = {\proglang{R} package version 1.3.4},
    url = {http://CRAN.R-project.org/package=logcondens}
}

@article{Zeileis:2004,
	Author = {A. Zeileis},
	Journal = {Journal of Statistical Software},
	Pages = {1--17},
	Title = {Econometric Computing with {HC} and {HAC} Covariance Matrix Estimators},
	Volume = {11},
	Number = {10},
	Year = {2004},
        url = {http://www.jstatsoft.org/v11/i10/}
}

@Manual{Henschel+Heiss+Mansmann:2009,
    title = {\pkg{intcox}: Iterated Convex Minorant Algorithm for Interval Censored Event Data},
    author = {V. Henschel and C. Heiss and U. Mansmann},
    year = {2009},
    note = {\proglang{R}~package version~0.9.2},
    url = {http://CRAN.R-project.org/package=intcox}
}

@Manual{Broberg:2008,
    title = {\pkg{SAGx}: Statistical Analysis of the GeneChip},
    author = {P. Broberg},
    year = {2009},
    note = {\proglang{R}~package version~1.18.0},
    url = {http://www.bioconductor.org/packages/2.4/bioc/html/SAGx.html}
}

@article{deLeeuw+Mair:2009,
	Author = {J. {de Leeuw} and P. Mair},
	Journal = {Journal of Statistical Software},
	Pages = {1--30},
	Title = {Multidimensional Scaling Using Majorization: SMACOF in \proglang{R}},
	Volume = {31},
	Number = {3},
	Year = {2009},
        url = {http://www.jstatsoft.org/v31/i03/}
}






