@Manual{R:2015,
    title = {R: A Language and Environment for Statistical Computing},
    author = {{R Core Team}},
    organization = {R Foundation for Statistical Computing},
    address = {Vienna, Austria},
    year = {2015},
    url = {https://www.R-project.org/},
  }

@Manual{Canty+Ripley:2015,
    title = {\pkg{boot}: Bootstrap \proglang{R} (\proglang{S-Plus}) functions},
    author = {A. Canty and B. Ripley},
    year = {2015},
    note = {R package version 1.3-17},
    url = {https://cran.r-project.org/web/packages/boot/}
}

@Article{Hothorn:2008,
  author = {T. Hothorn and K. Hornik and M. A. {van de Wiel} and A. Zeileis},
	title = {Implementing a class of permutation tests: The \pkg{coin} package.},
	journal = {Journal of Statistical Software},
	volume = {28},
  number = {8},
	year = {2008},
	Pages = {1--23},
  url = {http://www.jstatsoft.org/v28/i08/}
}


@Article{Mann+Whitney:1947,
  author = {H. B. Mann and D. R. Whitney},
	title = {On a test of whether one of two random variables is stochastically larger than the other},
	journal = {Annals of Mathematical Statistics},
	volume = {18},
	year = {1947},
	Pages = {50--60}
}


@Article{Wilcoxon:1945,
  author = {F. Wilcoxon},
	title = {Individual comparisons by ranking methods},
	journal = {Biometrics Bulletin},
	volume = {1},
	year = {1945},
	Pages = {80--83}
}

@Article{Kruskal+Wallis:1952,
  author = {W. Kruskal and W. A. Wallis},
	title = {Use of ranks in one-criterion variance analysis},
	journal = {Journal of the American Statistical Association},
	volume = {47},
	year = {1952},
	Pages = {583--621}
}

@Article{Box+Cox:1964,
  author = {G. E. P. Box and D. R. Cox},
	title = {An analysis of transformations},
	journal = {Journal of the Royal Statistical Society, Series B},
	volume = {26},
	year = {1964},
	Pages = {211--252}
}

@book{Wilcox:2012,
  Address = {Amsterdam, The Netherlands},
	Author = {R. R. Wilcox},
	Publisher = {Elsevier},
	Edition = {3rd},
	Title = {Introduction to Robust Estimation \& Hypothesis Testing},
	Year = {2012}
}

@Article{Huber:1964,
  author = {P. J. Huber},
	title = {Robust estimation of location parameters},
	journal = {Annals of Mathematical Statistics},
	volume = {35},
	year = {1964},
	Pages = {73--101}
}

@phdthesis{Hampel:1968,
  author       = {F. R. Hampel}, 
  title        = {Contributions to the Theory of Robust Estimation},
  school       = {University of California, Berkeley},
  year         = {1968}
}

@incollection{Tukey:1960,
  Author = {J. W. Tukey},
	Booktitle = {Contributions to Probability and Statistics},
	Editor = {I. Olkin and S. Ghurye and W. Hoeffding and W. Madow and H. Mann},
	Pages = {448--503},
	Publisher = {Stanford University Press},
  Address = {Stanford, CA},
	Title = {A survey sampling from contaminated normal distributions},
	Year = {1960}
}

@book{Huber:1981,
  Address = {New York},
	Author = {P. J. Huber},
	Publisher = {Wiley},
	Title = {Robust Statistics},
	Year = {1981}
}

@Article{Yuen:1974,
  author = {K. K. Yuen},
	title = {The two sample trimmed $t$ for unequal population variances},
	journal = {Biometrika},
	volume = {61},
	year = {1974},
	Pages = {165--170}
}

@Article{Welch:1938,
  author = {B. L. Welch},
  title = {The significance of the difference between two means when the population variances are unequal},
	journal = {Biometrika},
	volume = {29},
	year = {1938},
	Pages = {350--362}
}

@Article{Games:1984,
  author = {P. A. Games},
  title = {Data transformations, power, and skew: A rebuttal to {L}evine and {D}unlap},
	journal = {Psychological Bulletin},
	volume = {95},
	year = {1984},
	Pages = {345--347}
}

@Article{Tan:1982,
  author = {W. Y. Tan},
  title = {Sampling distributions and robustness of $t$, $F$, and variance-ratio of two samples and {ANOVA} models with respect to departure from normality},
  journal = {Communications in Statistics - Theory and Methods},
	volume = {11},
	year = {1982},
	Pages = {2485--2511}
}

@book{Wilcox:1996,
  Address = {San Diego, CA},
	Author = {R. R. Wilcox},
	Publisher = {Academic Press},
	Title = {Statistics for the Social Sciences},
	Year = {1996}
}

@Article{Cressie+Whitford:1986,
  author = {N. A. C. Cressie and H. J. Whitford},
  title = {How to use the two sample $t$-test},
	journal = {Biometrical Journal},
	volume = {28},
	year = {1986},
	Pages = {131--148}
}


@Article{Welch:1951,
  author = {B. L. Welch},
  title = {On the comparison of several mean values: An alternative approach},
  journal = {Biometrika},
	volume = {38},
	year = {1951},
	Pages = {330--336}
}

@book{Field:2012,
  Address = {London, UK},
	Author = {A. Field and J. Miles and Z. Field},
	Publisher = {Sage},
	Title = {Discovering Statistics Using \proglang{R}},
	Year = {2012}
}


@Article{,
  author = {},
	title = {},
	journal = {},
	volume = {},
	year = {},
	Pages = {}
}


@incollection{,
	Author = {},
	Booktitle = {},
	Editor = {},
	Pages = {},
	Publisher = {},
	Title = {},
	Year = {}
}


@Article{,
	author = {},
	title = {},
	journal = {},
	volume = {},
	year = {},
	Pages = {}
}

@book{,
	Address = {},
	Author = {},
	Publisher = {},
	Edition = {},
	Title = {},
	Year = {}
}
