
@article{Bartholomew:1959b,
	Author = {D. J. Bartholomew},
	Date-Added = {2008-09-07 14:59:20 -0700},
	Date-Modified = {2008-09-07 15:00:19 -0700},
	Journal = {Biometrika},
	Pages = {328--335},
	Title = {{A test of homogeneity for ordered alternatives II}},
	Volume = {46},
	Year = {1959}}

@article{Bartholomew:1959a,
	Author = {D. J. Bartholomew},
	Date-Added = {2008-09-07 14:58:02 -0700},
	Date-Modified = {2008-09-07 14:59:54 -0700},
	Journal = {Biometrika},
	Pages = {36--48},
	Title = {{A test of homogeneity for ordered alternatives}},
	Volume = {46},
	Year = {1959}}

@article{Miles:1959,
	Author = {R. E. Miles},
	Date-Added = {2008-09-07 14:54:47 -0700},
	Date-Modified = {2008-09-07 14:56:24 -0700},
	Journal = {Biometrika},
	Pages = {317--327},
	Title = {{The complete almagamation into blocks, by weighted means, of a finite set of real numbers}},
	Volume = {46},
	Year = {1959}}

@phdthesis{vanEeden:1958,
	Author = {C. {van Eeden}},
	School = {University of Amsterdam},
	Title = {Testing and estimating ordered parameters of probability distributions},
	Year = {1958}}

@article{Brunk:1955,
	Author = {H. B. Brunk},
	Journal = {The Annals of Mathematical Statistics},
	Pages = {607-616},
	Title = {Maximum likelihood estimates of monotone parameters},
	Volume = {26},
	Year = {1955}}

@article{Dykstra:1981,
	Author = {R. L. Dykstra},
	Journal = {Journal of Statistical Planning and Inference},
	Pages = {355-363},
	Title = {An isotonic regression algorithm},
	Volume = {5},
	Year = {1981}}

@article{Dykstra:1982,
	Author = {R. L. Dykstra and T. Robertson},
	Journal = {Annals of Statistics},
	Pages = {708-719},
	Title = {An algorithm for isotonic regression for two or more independent variables},
	Volume = {10},
	Year = {1982}}

@article{Barlow+Brunk:1972,
	Author = {R. E. Barlow and H. D. Brunk},
	Journal = {Journal of the American Statistical Association},
	Pages = {140-147},
	Title = {The isotonic regression problem and its dual},
	Volume = {67},
	Year = {1972}}

@article{Ayer+Brunk+Ewing+Reid+Silverman:1955,
	Author = {M. Ayer and H. D. Brunk and G. M. Ewing and W. T. Reid and E. Silverman},
	Journal = {The Annals of Mathematical Statistics},
	Pages = {641-647},
	Title = {An empirical distribution function for sampling with incomplete information},
	Volume = {26},
	Year = {1955}}

@incollection{deLeeuw:2005,
	Address = {New York},
	Author = {J. {de Leeuw}},
	Booktitle = {Encyclopedia of Statistics in Behavioral Science},
	Editor = {B. S. Everitt and D. C. Howell},
	Pages = {1260-1261},
	Publisher = {Wiley},
	Title = {Monotonic regression},
	Volume = {3},
	Year = {2005}}

@book{Robertson+Wright+Dykstra:1988,
	Address = {New York},
	Author = {T. Robertson and F. T. Wright and R. L. Dykstra},
	Publisher = {Wiley},
	Title = {Order restricted statistical inference},
	Year = {1988}}

@book{Mashall+Olkin:1979,
	Address = {New York},
	Author = {T. Robertson and F. T. Wright and R. L. Dykstra},
	Publisher = {Academic Press},
	Title = {Inequalities: Theory of majorization and its applications},
	Year = {1979}}

@book{Barlow+Batholomew+Brenner+Brunk:1972,
	Address = {New York},
	Author = {R. E. Barlow and D. J. Bartholomew and J. M. Bremner and H. D. Brunk},
	Publisher = {Wiley},
	Title = {Statistical inference under order restrictions},
	Year = {1972}}

@article{Ahuja+Orlin:2001,
	Author = {R. K. Ahuja and J. B. Orlin},
	Journal = {Operations Research},
	Pages = {784-789},
	Title = {A fast scaling algorithm for minimizing separable convex functions subject to chain constraints},
	Volume = {49},
	Year = {2001}}

@article{Best+Chakravarti:1990,
	Author = {M. J. Best and N. Chakravarti},
	Journal = {Mathematical Programming},
	Pages = {425-439},
	Title = {Active set algorithms for isotonic regression: A unifying framework},
	Volume = {47},
	Year = {1990}}

@article{Best+Chakravarti+Ubhaya:2000,
	Author = {M. J. Best and N. Chakravarti and V. A. Ubhaya},
	Journal = {SIAM Journal on Optimization},
	Pages = {658-672},
	Title = {Minimizing separable convex functions subject to simple chain constraints},
	Volume = {10},
	Year = {2000}}

@article{Hansohm:2007,
	Author = {J. Hansohm},
	Journal = {Journal of Multivariate Analysis},
	Pages = {1043-1050},
	Title = {Algorithms and error estimations for monotone regression on partially preordered sets},
	Volume = {98},
	Year = {2007}}

@article{Jongbloed:1998,
	Author = {G. Jongbloed},
	Journal = {Journal of Computational and Graphical Statistics},
	Pages = {310-321},
	Title = {The iterative convex minorant algorithm for nonparametric estimation},
	Volume = {7},
	Year = {1998}}

@manual{Strimmer:2008,
	Author = {K. Strimmer},
	Note = {R package version 1.2.4},
	Title = {fdrtool: Estimation and control of (local) false discovery rates},
	Url = {http://cran.r-project.org/web/packages/fdrtool/},
	Year = {2008},
	Bdsk-Url-1 = {http://cran.r-project.org/web/packages/fdrtool/}}

@manual{Pilz+Titoff:2005,
	Author = {K. Pilz and S. Titoff},
	Note = {R package version 0.1},
	Title = {monreg: Nonparametric monotone regression},
	Url = {http://cran.r-project.org/web/packages/monreg/},
	Year = {2005},
	Bdsk-Url-1 = {http://cran.r-project.org/web/packages/monreg/}}

@manual{Turner:2008,
	Author = {R. Turner},
	Note = {R package version 0.0-4},
	Title = {Iso: Functions to perform isotonic regression},
	Url = {http://cran.r-project.org/web/packages/Iso/},
	Year = {2008},
	Bdsk-Url-1 = {http://cran.r-project.org/web/packages/Iso/}}

@manual{Oron:2008,
	Author = {A. P. Oron},
	Note = {R package version 1.0},
	Title = {cir: Nonparametric estimation of monotone functions via isotonic regression and centered isotonic regression},
	Url = {http://cran.r-project.org/web/packages/cir/},
	Year = {2008},
	Bdsk-Url-1 = {http://cran.r-project.org/web/packages/cir/}}

@article{Stroemberg:1991,
	Author = {U. Str\"omberg},
	Journal = {Computational Statistics \& Data Analysis},
	Pages = {205-219},
	Title = {An algorithm for isotonic regression with arbitrary convex distance function},
	Volume = {11},
	Year = {1991}}

@article{Bacchetti:1989,
	Author = {P. Bacchetti},
	Journal = {Journal of the American Statistical Association},
	Pages = {289-294},
	Title = {Additive isotonic model},
	Volume = {84},
	Year = {1989}}

@article{Hornik:2005,
	Author = {K. Hornik},
	Journal = {Journal of Statistical Software},
	Number = {12},
	Title = {A \uppercase{CLUE} for \uppercase{CLU}ster \uppercase{E}nsembles},
	Volume = {14},
	Year = {2005}}

@incollection{Burdakov+Grimvall+Hussian:2004,
	Address = {New York},
	Author = {O. Burdakov and A. Grimvall and M. Hussian},
	Booktitle = {COMPSTAT, Proceedings of the 16th Symposium in Computational Statistics},
	Editor = {J. Antoch},
	Pages = {761-767},
	Publisher = {Springer},
	Title = {A generalised \uppercase{PAV} algorithm for monotonic regression in several variables},
	Year = {2004}}

@article{deLeeuw:1977,
	Author = {J. {de Leeuw}},
	Journal = {Psychmetrika},
	Pages = {141-144},
	Title = {Correctness of Kruskal's algorithms for monotone regression with ties},
	Volume = {42},
	Year = {1977}}

@article{Kruskal:1964,
	Author = {J. B. Kruskal},
	Journal = {Psychometrika},
	Pages = {115-129},
	Title = {Nonmetric multidimensional scaling: A numerical method},
	Volume = {29},
	Year = {1964}}

@article{Pothoff+Roy:1964,
	Author = {R. F. Pothoff and S. N. Roy},
	Journal = {Biometrika},
	Pages = {313-326},
	Title = {A generalized multivariate analysis of variance model useful especially for growth curve problems},
	Volume = {51},
	Year = {1964}}

@article{Koenker+DOrey:1987,
	Author = {R. W. Koenker and V. {D'Orey}},
	Journal = {Applied Statistics},
	Pages = {383-393},
	Title = {Algorithm \uppercase{AS} 229: Computing regression quantiles},
	Volume = {36},
	Year = {1987}}

@article{Leitner+Mair:2008,
	Author = {C. Leitner and P. Mair and B. Paul and F. Wick and C. Mittermaier and T. Sycha and G. Ebenbichler},
	Journal = {Journal of Electromyography and Kinesiology},
	Note = {forthcoming},
	Title = {Reliability of posturographic measurements in the assessment of impaired sensorimotor function in chronic low back pain},
	Year = {2008}}

@article{Koenker+Bassett:1978,
	Author = {R. Koenker and G. {Bassett, Jr.}},
	Journal = {Econometrica},
	Pages = {33-50},
	Title = {Regression quantiles},
	Volume = {1},
	Year = {1978}}
	
@book{Boyd+Vandenberghe:2004,
	Address = {Cambridge, MA},
	Author = {S. Boyd and L. Vandenberghe},
	Publisher = {Cambridge University Press},
	Title = {Convex optimization},
	Year = {2004}}


@book{Zangwill:1969,
	Address = {Engelwood Cliffs, NJ},
	Author = {W. I. Zangwill},
	Publisher = {Prentice-Hall},
	Title = {Nonlinear programming: A unified approach},
	Year = {1969}
}

@book{Rockafellar:1970,
	Address = {Princeton, NJ},
	Author = {R. T. Rockafellar},
	Publisher = {Princeton University Press},
	Title = {Convex analysis},
	Year = {1970}
}	

@book{Koenker:2005,
	Address = {Cambridge, MA},
	Author = {R. Koenker},
	Publisher = {Cambridge University Press},
	Title = {Quantile regression},
	Year = {2005}
}
	
@book{Fletcher:1987,
	Address = {Chichester},
	Author = {R. Fletcher},
	Publisher = {Wiley},
	Title = {Practical optimization},
	Year = {1987}
}

@book{Nocedal+Wright:1999,
	Address = {New York},
	Author = {J. Nocedal and S. J. Wright},
	Publisher = {Springer},
	Title = {Numerical optimization},
	Year = {1999}
}

@article{Warshall:1962,
	Author = {S. Warshall},
	Journal = {Journal of the Association of Computer Machinery},
	Pages = {11-12},
	Title = {A theorem for boolean matrices},
	Volume = {9},
	Year = {1962}
}

@article{Panier:1987,
	Author = {E. R. Panier},
	Journal = {Mathematical Programming},
	Pages = {269-292},
	Title = {An active set method for solving linearly constrained nonsmooth optimization problems},
	Volume = {37},
	Year = {1987}
}

@article{Danskin:1966,
	Author = {J. M. Danskin},
	Journal = {SIAM Journal on Applied Mathematics},
	Pages = {641-664},
	Title = {The theory of max-min with applications},
	Volume = {14},
	Year = {1966}
}

@book{Huber:1981,
	Address = {New York},
	Author = {P. Huber},
	Publisher = {Wiley},
	Title = {Robust Statistics},
	Year = {1981}
}

	
	
@article{Chu+Keerthi+Ong:2004,
	Author = {W. Chu and S. S. Keerthi and C. J. Ong},
	Journal = {IEEE Transactions on Neural Networks},
	Pages = {29-44},
	Title = {Bayesian support vector regression using a unified loss function},
	Volume = {15},
	Year = {2004}
}

@article{Efron:1991,
	Author = {B. Efron},
	Journal = {Statistica Sinica},
	Pages = {93-125},
	Title = {Regression percentiles using asymmetric squared error loss},
	Volume = {1},
	Year = {1991}
}

@book{,
	Address = {},
	Author = {},
	Publisher = {},
	Title = {},
	Year = {}
}

	
	
@article{,
	Author = {},
	Journal = {},
	Pages = {},
	Title = {},
	Volume = {},
	Year = {}
}