@article{Nenadic+Greenacre:06,
   author = {O. Nenadi\'c and M. Greenacre},
   year = {2006},
   TITLE  = {Correspondence Analysis in \proglang{R}, with Two- and Three-Dimensional Graphics: The \pkg{ca} Package},
   JOURNAL = {Journal of Statistical Software},
   VOLUME = {20(3)},
   PAGES = {1-13}
}

@article{TerBraak:86,
   author = {C. J. F. {Ter Braak}},
   year = {1986},
   TITLE  = {Canonical Correspondence Analysis: A New Eigenvector Technique for Multivariate Direct Gradients},
   JOURNAL = {Ecology},
   VOLUME = {67},
   PAGES = {1167-1179}
}

@article{Chessel+Dufour+Thioulouse:04,
   author = {D. Chessel and A. B. Dufour and J. Thioulouse},
   year = {2004},
   TITLE  = {The \pkg{ade4} Package \uppercase{I}: One-Table Methods},
   JOURNAL = {\proglang{R} News},
   VOLUME = {4/1},
   PAGES = {5-10}
}

@article{Dray+Dufour+Chessel:07,
   author = {S. Dray and A. B. Dufour and D. Chessel},
   year = {2007},
   TITLE  = {The \pkg{ade4} Package \uppercase{II}: Two-Table and \uppercase{K}-Table Methods},
   JOURNAL = {\proglang{R} News},
   VOLUME = {7/2},
   PAGES = {47-52}
}

@article{deLeeuw+Mair:08,
   author = {J. {de Leeuw} and P. Mair},
   year = {2009},
   TITLE  = {Gifi Methods for Optimal Scaling in \proglang{R}: The Package \pkg{homals}},
   JOURNAL = {Journal of Statistical Software},
   VOLUME = {forthcoming},
   PAGES = {}
}

@article{Mair+Hatzinger:07,
   author = {P. Mair and R. Hatzinger},
   year = {2007},
   TITLE  = {Psychometrics Task View},
   JOURNAL = {\proglang{R} News},
   VOLUME = {7/3},
   PAGES = {38-40},
   URL = {http://www.R-project.org/doc/Rnews/Rnews_2007-3.pdf}
}

@TechReport{deLeeuw:2007,
   author = {J. {de Leeuw}},
   year = {2007},
   TITLE  = {Derivatives of Generalized Eigen Systems, with Applications},
   institution = {UCLA Statistics Preprint Series},
   number = {528},
   url = {http://preprints.stat.ucla.edu/download.php?paper=528}
}

@TechReport{Mair+deLeeuw:2009,
   author = {P. Mair and J. {de Leeuw}},
   year = {2009},
   TITLE  = {A General Framework for Multivariate Analysis with Optimal Scaling: The \proglang{R} Package \pkg{aspect}},
   institution = {UCLA Statistics Preprint Series},
   number = {561},
   url = {http://preprints.stat.ucla.edu/download.php?paper=561}
}

@article{Greenacre:1988a,
   author = {M. J. Greenacre},
   year = {1988},
   TITLE  = {Correspondence Analysis of Multivariate Categorical Data by Weighted Least-Squares},
   JOURNAL = {Biometrika},
   VOLUME = {75},
   PAGES = {457-467}
}

@article{Greenacre:1988,
   author = {M. J. Greenacre},
   year = {1988},
   TITLE  = {Clustering the Rows and Columns of a Contingency Table},
   JOURNAL = {Journal of Classification},
   VOLUME = {5},
   PAGES = {39-51}
}

@article{deLeeuw+vanderHeiden:88,
   author = {J. {de Leeuw} and P. {van der Heiden}},
   year = {1988},
   TITLE  = {Correspondence Analysis of Incomplete Contingency Tables},
   JOURNAL = {Psychometrika},
   VOLUME = {53},
   PAGES = {223-233}
}

@article{vanderHeiden+deLeeuw:85,
   author = {P. {van der Heiden} and J. {de Leeuw}},
   year = {1985},
   TITLE  = {Correspondence Analysis Used Complementary to Loglinear Analysis},
   JOURNAL = {Psychometrika},
   VOLUME = {50},
   PAGES = {429-447}
}

@article{Dixon:03,
   author = {P. Dixon},
   year = {2003},
   TITLE  = {\uppercase{VEGAN}: A Package of \uppercase{R} Functions for Community Ecology},
   JOURNAL = {Journal of Vegetation Science},
   VOLUME = {14},
   PAGES = {927-930}
}

@article{Maung:41,
   author = {K. Maung},
   year = {1941},
   TITLE  = {Discriminant Analysis of \uppercase{T}ocher's Eye Color Data for \uppercase{S}cottish School Children},
   JOURNAL = {Annals of Eugenics},
   VOLUME = {11},
   PAGES = {64-67}
}

@article{Wiepkema:61,
   author = {P. R. Wiepkema},
   year = {1961},
   TITLE  = {An Ethological Analysis of the Reproductive Behavior of the Bitterling (rhodeus amarus bloch)},
   JOURNAL = {Archives Neerlandais Zoologique},
   VOLUME = {14},
   PAGES = {103-199}
}

@article{Maxwell:61,
   author = {A. E. Maxwell},
   year = {1961},
   TITLE  = {Canonical Variate Analysis When the Variables are Dichotomous},
   JOURNAL = {Educational and Psychological Measurement},
   VOLUME = {21},
   PAGES = {259-271}
}

@article{ONeill:1978b,
   author = {M. E. {O'Neill}},
   year = {1978},
   TITLE  = {Distributional Expansions for Canonical Correlations From Contingency Tables},
   JOURNAL = {Journal of the Royal Statistical Society, Series B},
   VOLUME = {40},
   PAGES = {303-312}
}

@article{ONeill:1978a,
   author = {M. E. {O'Neill}},
   year = {1978},
   TITLE  = {Asymptotic Distribution of the Canonical Correlations From Contingency Tables},
   JOURNAL = {Australian Journal of Statistics},
   VOLUME = {20},
   PAGES = {75-82}
}

@article{Kuriki:2005,
   author = {S. Kuriki},
   year = {2005},
   TITLE  = {Asymptotic Distribution of Inequality-Restricted Canonical Correlation With Application to Tests for Independence in Ordered Contingency Tables},
   JOURNAL = {Journal of Multivariate Analysis},
   VOLUME = {94},
   PAGES = {420-449}
}



@BOOK{Benzecri:73,
   AUTHOR = {Benz\'ecri, J. P.},
   YEAR   = {1973},
   TITLE  = {Analyse des Donn\'ees},
   PUBLISHER = {Dunod},
   ADDRESS = {Paris, France}
}

@BOOK{Gifi:90,
   AUTHOR = {Gifi, A.},
   YEAR   = {1990},
   TITLE  = {Nonlinear Multivariate Analysis},
   PUBLISHER = {John Wiley \& Sons},
   ADDRESS = {Chichester, England}
}

@BOOK{Greenacre:84,
   AUTHOR = {Greenacre, M.},
   YEAR   = {1984},
   TITLE  = {Theory and Applications of Correspondence Analysis},
   PUBLISHER = {Academic Press},
   ADDRESS = {London, England}
}

@BOOK{Greenacre+Blasius:06,
   AUTHOR = {Greenacre, M. and Blasius, J.},
   YEAR   = {2006},
   TITLE  = {Multiple Correspondence Analysis and Related Methods},
   PUBLISHER = {Chapman \& Hall/CRC},
   ADDRESS = {Boca Raton, FL}
}

@mastersthesis{Nora:75,
   AUTHOR = {Nora, C.},
   YEAR   = {1975},
   TITLE  = {Une m\'ethode de reconstitution et d'analyse de donn\'ees incompl\`etes [A Method for Reconstruction and for the Analysis of Incomplete Data]},
   school = {Unpublished Th\`ese d'Etat, Universit\'e P. et M. Curie, Paris VI} 
}
    
@BOOK{Greenacre:07,
   AUTHOR = {Greenacre, M.},
   YEAR   = {2007},
   TITLE  = {Correspondence Analysis in Practice},
   PUBLISHER = {Chapman \& Hall/CRC},
   EDITION = {2nd},
   ADDRESS = {Boca Raton, FL}
}

@BOOK{Glass:54,
   AUTHOR = {Glass, D. V.},
   YEAR   = {1954},
   TITLE  = {Social Mobility in Britain},
   PUBLISHER = {Free Press},
   EDITION = {},
   ADDRESS = {Glencoe}
}


@INCOLLECTION{deLeeuw:06,
   AUTHOR = {{de Leeuw}, J.},
   YEAR   = {2006},
   TITLE  = {Nonlinear Principal Component Analysis and Related Techniques},
   BOOKTITLE = {Multiple Correspondence Analysis and Related Methods},
   PAGES = {107-134},
   EDITOR = {M. Greenacre and J. Blasius},
   PUBLISHER = {Chapman \& Hall/CRC}, 
   ADDRESS = {Boca Raton, FL}
}

@INCOLLECTION{Greenacre:06,
   AUTHOR = {Greenacre, M.},
   YEAR   = {2006},
   TITLE  = {Tying Up Some Loose Ends in Simple, Multiple, Joint Correspondence Analysis.},
   BOOKTITLE = {COMPSTAT 2006 - Proceedings in Computational Statistics},
   PAGES = {163-186},
   EDITOR = {A. Rizzi and M. Vichi},
   PUBLISHER = {Springer}, 
   ADDRESS = {Berlin}
}

@INCOLLECTION{deLeeuw+Meulman:86,
   AUTHOR = {{de Leeuw}, J. and Meulman, J.},
   YEAR   = {1986},
   TITLE  = {Principal Component Analysis and Restricted Multidimensional Scaling},
   BOOKTITLE = {Classification as a Tool of Research},
   PAGES = {83-96},
   EDITOR = {W. Gaul and M. Schrader},
   PUBLISHER = {North Holland Publishing Company}, 
   ADDRESS = {Amsterdam}
}


@INCOLLECTION{deLeeuw+Michailides+Wang:99,
   AUTHOR = {de Leeuw, J. and Michailides, G. and Wang, D.},
   YEAR   = {1999},
   TITLE  = {Correspondence Analysis Techniques},
   BOOKTITLE = {Multivariate Analysis, Design of Experiments, and Survey Sampling},
   PAGES = {523-546},
   EDITOR = {S. Ghosh},
   PUBLISHER = {Dekker}, 
   ADDRESS = {New York}
}

@Manual{R:07,
       title        = {R: A Language and Environment for Statistical
                       Computing},
       author       = {{R Development Core Team}},
       organization = {R Foundation for Statistical Computing},
       address      = {Vienna, Austria},
       year         = {2009},
       note         = {{ISBN} 3-900051-07-0},
       url          = {http://www.R-project.org}
     }
